<zs:record>
      <zs:recordPacking>xml</zs:recordPacking>
      <zs:recordData>
        <record xmlns="http://www.loc.gov/MARC21/slim">
          <leader>00493nz a2200121 4500</leader>
          <controlfield tag="001">30005721</controlfield>
          <controlfield tag="003">RISM</controlfield>
          <controlfield tag="005">20121108</controlfield>
          <controlfield tag="008">121108n||az|||||||##########||||||||||||</controlfield>
          <datafield tag="043" ind1=" " ind2=" ">
            <subfield code="c">Romania</subfield>
          </datafield>
          <datafield tag="110" ind1="2" ind2=" ">
            <subfield code="a">Evangelische Kirche A.B. Kronstadt, Archiv und Bibliothek der Honterusgemeinde</subfield>
            <subfield code="c">Braşov</subfield>
            <subfield code="g">RO-BRbn</subfield>
          </datafield>
          <datafield tag="410" ind1="2" ind2=" ">
            <subfield code="a">Biserica Neagră</subfield>
          </datafield>
          <datafield tag="622" ind1=" " ind2=" ">
            <subfield code="e">Evangelische Kirche A.B. Kronstadt,, Archiv und Bibliothek der, Honterusgemeinde, Curtea
              Johannes Honterus 2, 500025 Braşov, Romania</subfield>
            <subfield code="u">http://www.honterusgemeinde.ro/</subfield>
          </datafield>
          <idzebra xmlns="http://www.indexdata.dk/zebra/">
            <size>493</size>
            <score>761</score>
            <localnumber>835989</localnumber>
            <filename>sigla/sigla.mrc</filename>
          </idzebra>
        </record>
      </zs:recordData>
      <zs:recordPosition>24</zs:recordPosition>
    </zs:record>