<zs:record>
      <zs:recordPacking>xml</zs:recordPacking>
      <zs:recordData>
        <record xmlns="http://www.loc.gov/MARC21/slim">
          <leader>00474nz a2200121 4500</leader>
          <controlfield tag="001">30006345</controlfield>
          <controlfield tag="003">RISM</controlfield>
          <controlfield tag="005">20121108</controlfield>
          <controlfield tag="008">121108n||az|||||||##########||||||||||||</controlfield>
          <datafield tag="043" ind1=" " ind2=" ">
            <subfield code="c">Romania</subfield>
          </datafield>
          <datafield tag="110" ind1="2" ind2=" ">
            <subfield code="a">Biblioteca Academiei Romane - Filiala Cluj-Napoca</subfield>
            <subfield code="c">Cluj-Napoca</subfield>
            <subfield code="g">RO-Ca</subfield>
          </datafield>
          <datafield tag="622" ind1=" " ind2=" ">
            <subfield code="e">Biblioteca Academiei Romane - Filiala, Cluj-Napoca, str. Mihail Kogalniceanu, nr. 12-14,
              400015 Cluj-Napoca, Romania</subfield>
            <subfield code="u">http://www.acad-cluj.ro/biblioteca_academiei_romane.php</subfield>
          </datafield>
          <datafield tag="852" ind1="2" ind2=" ">
            <subfield code="b">46.777248, 23.59989</subfield>
          </datafield>
          <idzebra xmlns="http://www.indexdata.dk/zebra/">
            <size>474</size>
            <score>761</score>
            <localnumber>831510</localnumber>
            <filename>sigla/sigla.mrc</filename>
          </idzebra>
        </record>
      </zs:recordData>
      <zs:recordPosition>15</zs:recordPosition>
    </zs:record>